%% This BibTeX bibliography file was created using BibDesk.
%% http://bibdesk.sourceforge.net/


%% Created for wangruchen at 2015-07-09 15:53:35 +0800 


%% Saved with string encoding Unicode (UTF-8) 



@inproceedings{huang2004extreme,
	Author = {Huang, Guang-Bin and Zhu, Qin-Yu and Siew, Chee-Kheong},
	Booktitle = {Neural Networks, 2004. Proceedings. 2004 IEEE International Joint Conference on},
	Date-Added = {2015-07-09 07:53:05 +0000},
	Date-Modified = {2015-07-09 07:53:05 +0000},
	Organization = {IEEE},
	Pages = {985--990},
	Title = {Extreme learning machine: a new learning scheme of feedforward neural networks},
	Volume = {2},
	Year = {2004}}

@article{zhou2002ensembling,
	Author = {Zhou, Zhi-Hua and Wu, Jianxin and Tang, Wei},
	Date-Added = {2015-07-05 12:09:32 +0000},
	Date-Modified = {2015-07-05 12:09:32 +0000},
	Journal = {Artificial intelligence},
	Number = {1},
	Pages = {239--263},
	Publisher = {Elsevier},
	Title = {Ensembling neural networks: many could be better than all},
	Volume = {137},
	Year = {2002}}

@article{breiman2001random,
	Author = {Breiman, Leo},
	Date-Added = {2015-07-05 12:07:30 +0000},
	Date-Modified = {2015-07-05 12:07:30 +0000},
	Journal = {Machine learning},
	Number = {1},
	Pages = {5--32},
	Publisher = {Springer},
	Title = {Random forests},
	Volume = {45},
	Year = {2001}}

@inproceedings{viola2001rapid,
	Author = {Viola, Paul and Jones, Michael},
	Booktitle = {Computer Vision and Pattern Recognition, 2001. CVPR 2001. Proceedings of the 2001 IEEE Computer Society Conference on},
	Date-Added = {2015-07-05 12:06:22 +0000},
	Date-Modified = {2015-07-05 12:06:22 +0000},
	Organization = {IEEE},
	Pages = {I--511},
	Title = {Rapid object detection using a boosted cascade of simple features},
	Volume = {1},
	Year = {2001}}

@inproceedings{lowe1999object,
	Author = {Lowe, David G},
	Booktitle = {Computer vision, 1999. The proceedings of the seventh IEEE international conference on},
	Date-Added = {2015-06-25 14:32:18 +0000},
	Date-Modified = {2015-06-25 14:32:18 +0000},
	Organization = {Ieee},
	Pages = {1150--1157},
	Title = {Object recognition from local scale-invariant features},
	Volume = {2},
	Year = {1999}}

@article{lowe2004distinctive,
	Author = {Lowe, David G},
	Date-Added = {2015-06-25 14:32:18 +0000},
	Date-Modified = {2015-06-25 14:32:18 +0000},
	Journal = {International journal of computer vision},
	Number = {2},
	Pages = {91--110},
	Publisher = {Springer},
	Title = {Distinctive image features from scale-invariant keypoints},
	Volume = {60},
	Year = {2004}}

@inproceedings{dalal2005histograms,
	Author = {Dalal, Navneet and Triggs, Bill},
	Booktitle = {Computer Vision and Pattern Recognition, 2005. CVPR 2005. IEEE Computer Society Conference on},
	Date-Added = {2015-06-25 14:32:18 +0000},
	Date-Modified = {2015-06-25 14:32:18 +0000},
	Organization = {IEEE},
	Pages = {886--893},
	Title = {Histograms of oriented gradients for human detection},
	Volume = {1},
	Year = {2005}}

@inproceedings{ojala1994performance,
	Author = {Ojala, Timo and Pietikainen, Matti and Harwood, David},
	Booktitle = {Pattern Recognition, 1994. Vol. 1-Conference A: Computer Vision \& Image Processing., Proceedings of the 12th IAPR International Conference on},
	Date-Added = {2015-06-30 02:35:25 +0000},
	Date-Modified = {2015-06-30 02:35:25 +0000},
	Number = {1},
	Pages = {582--585},
	Title = {Performance evaluation of texture measures with classification based on Kullback discrimination of distributions},
	Year = {1994}}

@article{belongie2002shape,
	Author = {Belongie, Serge and Malik, Jitendra and Puzicha, Jan},
	Date-Added = {2015-06-25 14:32:18 +0000},
	Date-Modified = {2015-06-25 14:32:18 +0000},
	Journal = {Pattern Analysis and Machine Intelligence, IEEE Transactions on},
	Number = {4},
	Pages = {509--522},
	Publisher = {IEEE},
	Title = {Shape matching and object recognition using shape contexts},
	Volume = {24},
	Year = {2002}}

@article{ling2007shape,
	Author = {Ling, Haibin and Jacobs, David W},
	Date-Added = {2015-06-25 14:32:18 +0000},
	Date-Modified = {2015-06-25 14:32:18 +0000},
	Journal = {Pattern Analysis and Machine Intelligence, IEEE Transactions on},
	Number = {2},
	Pages = {286--299},
	Publisher = {IEEE},
	Title = {Shape classification using the inner-distance},
	Volume = {29},
	Year = {2007}}

@inproceedings{oren1997pedestrian,
	Author = {Oren, Michael and Papageorgiou, Constantine and Sinha, Pawan and Osuna, Edgar and Poggio, Tomaso},
	Booktitle = {Computer Vision and Pattern Recognition, 1997. Proceedings., 1997 IEEE Computer Society Conference on},
	Date-Added = {2015-07-02 13:39:02 +0000},
	Date-Modified = {2015-07-02 13:39:02 +0000},
	Organization = {IEEE},
	Pages = {193--199},
	Title = {Pedestrian detection using wavelet templates},
	Year = {1997}}

@article{reisfeld1995context,
	Author = {Reisfeld, Daniel and Wolfson, Haim and Yeshurun, Yehezkel},
	Date-Added = {2015-07-02 13:38:10 +0000},
	Date-Modified = {2015-07-02 13:38:10 +0000},
	Journal = {International Journal of Computer Vision},
	Number = {2},
	Pages = {119--130},
	Publisher = {Springer},
	Title = {Context-free attentional operators: the generalized symmetry transform},
	Volume = {14},
	Year = {1995}}

@article{mr1763essay,
	Author = {Mr. Bayes and Price, Mr},
	Date-Added = {2015-07-02 13:31:50 +0000},
	Date-Modified = {2015-07-02 13:31:50 +0000},
	Journal = {Philosophical Transactions (1683-1775)},
	Pages = {370--418},
	Publisher = {JSTOR},
	Title = {An Essay towards solving a Problem in the Doctrine of Chances. By the late Rev. Mr. Bayes, FRS communicated by Mr. Price, in a letter to John Canton, AMFRS},
	Year = {1763}}

@article{cortes1995support,
	Author = {Cortes, Corinna and Vapnik, Vladimir},
	Date-Added = {2015-07-02 13:29:46 +0000},
	Date-Modified = {2015-07-02 13:29:46 +0000},
	Journal = {Machine learning},
	Number = {3},
	Pages = {273--297},
	Publisher = {Springer},
	Title = {Support-vector networks},
	Volume = {20},
	Year = {1995}}
