%% This BibTeX bibliography file was created using BibDesk.
%% http://bibdesk.sourceforge.net/


%% Created for wangruchen at 2015-06-25 22:32:24 +0800 


%% Saved with string encoding Unicode (UTF-8) 



@article{lowe2004distinctive,
	Author = {Lowe, David G},
	Date-Added = {2015-06-25 14:32:18 +0000},
	Date-Modified = {2015-06-25 14:32:18 +0000},
	Journal = {International journal of computer vision},
	Number = {2},
	Pages = {91--110},
	Publisher = {Springer},
	Title = {Distinctive image features from scale-invariant keypoints},
	Volume = {60},
	Year = {2004}}

@inproceedings{lowe1999object,
	Author = {Lowe, David G},
	Booktitle = {Computer vision, 1999. The proceedings of the seventh IEEE international conference on},
	Date-Added = {2015-06-25 14:32:18 +0000},
	Date-Modified = {2015-06-25 14:32:18 +0000},
	Organization = {Ieee},
	Pages = {1150--1157},
	Title = {Object recognition from local scale-invariant features},
	Volume = {2},
	Year = {1999}}

@article{ling2007shape,
	Author = {Ling, Haibin and Jacobs, David W},
	Date-Added = {2015-06-25 14:32:18 +0000},
	Date-Modified = {2015-06-25 14:32:18 +0000},
	Journal = {Pattern Analysis and Machine Intelligence, IEEE Transactions on},
	Number = {2},
	Pages = {286--299},
	Publisher = {IEEE},
	Title = {Shape classification using the inner-distance},
	Volume = {29},
	Year = {2007}}

@inproceedings{dalal2005histograms,
	Author = {Dalal, Navneet and Triggs, Bill},
	Booktitle = {Computer Vision and Pattern Recognition, 2005. CVPR 2005. IEEE Computer Society Conference on},
	Date-Added = {2015-06-25 14:32:18 +0000},
	Date-Modified = {2015-06-25 14:32:18 +0000},
	Organization = {IEEE},
	Pages = {886--893},
	Title = {Histograms of oriented gradients for human detection},
	Volume = {1},
	Year = {2005}}

@article{belongie2002shape,
	Author = {Belongie, Serge and Malik, Jitendra and Puzicha, Jan},
	Date-Added = {2015-06-25 14:32:18 +0000},
	Date-Modified = {2015-06-25 14:32:18 +0000},
	Journal = {Pattern Analysis and Machine Intelligence, IEEE Transactions on},
	Number = {4},
	Pages = {509--522},
	Publisher = {IEEE},
	Title = {Shape matching and object recognition using shape contexts},
	Volume = {24},
	Year = {2002}}

@article{gorsky2003qualitative,
	Author = {Gorsky, G and Grosjean, Ph},
	Date-Added = {2015-06-04 08:27:50 +0000},
	Date-Modified = {2015-06-04 08:27:50 +0000},
	Journal = {Newsletter},
	Number = {1},
	Pages = {5},
	Title = {Qualitative and quantitative assessment of zooplankton samples. GLOBEC Int},
	Volume = {9},
	Year = {2003}}
