%% This BibTeX bibliography file was created using BibDesk.
%% http://bibdesk.sourceforge.net/


%% Created for wangruchen at 2015-07-02 21:39:43 +0800 


%% Saved with string encoding Unicode (UTF-8) 


@article{gorsky2003qualitative,
	Author = {Gorsky, G and Grosjean, Ph},
	Date-Added = {2015-06-04 08:27:50 +0000},
	Date-Modified = {2015-06-04 08:27:50 +0000},
	Journal = {Newsletter},
	Number = {1},
	Pages = {5},
	Title = {Qualitative and quantitative assessment of zooplankton samples. GLOBEC Int},
	Volume = {9},
	Year = {2003}}
