%% This BibTeX bibliography file was created using BibDesk.
%% http://bibdesk.sourceforge.net/


%% Created for wangruchen at 2015-11-03 15:34:43 +0800 


%% Saved with string encoding Unicode (UTF-8) 



@article{gorsky2010digital,
	Author = {Gorsky, Gaby and Ohman, Mark D and Picheral, Marc and Gasparini, St{\'e}phane and Stemmann, Lars and Romagnan, Jean-Baptiste and Cawood, Alison and Pesant, St{\'e}phane and Garc{\'\i}a-Comas, Carmen and Prejger, Franck},
	Date-Added = {2015-11-03 07:34:17 +0000},
	Date-Modified = {2015-11-03 07:34:17 +0000},
	Journal = {Journal of Plankton Research},
	Number = {3},
	Pages = {285--303},
	Publisher = {Oxford Univ Press},
	Title = {Digital zooplankton image analysis using the ZooScan integrated system},
	Volume = {32},
	Year = {2010}}
