%% This BibTeX bibliography file was created using BibDesk.
%% http://bibdesk.sourceforge.net/


%% Created for wangruchen at 2015-10-18 19:37:21 +0800 


%% Saved with string encoding Unicode (UTF-8) 



@inproceedings{blum1998combining,
	Author = {Blum, Avrim and Mitchell, Tom},
	Booktitle = {Proceedings of the eleventh annual conference on Computational learning theory},
	Date-Added = {2015-10-18 11:31:28 +0000},
	Date-Modified = {2015-10-18 11:31:28 +0000},
	Organization = {ACM},
	Pages = {92--100},
	Title = {Combining labeled and unlabeled data with co-training},
	Year = {1998}}
